@inproceedings{bos2018crystals,
  title={CRYSTALS-Kyber: a CCA-secure module-lattice-based KEM},
  author={Bos, Joppe and Ducas, L{\'e}o and Kiltz, Eike and Lepoint, Tancr{\`e}de and Lyubashevsky, Vadim and Schanck, John M and Schwabe, Peter and Seiler, Gregor and Stehl{\'e}, Damien},
  booktitle={2018 IEEE European Symposium on Security and Privacy (EuroS\&P)},
  pages={353--367},
  year={2018},
  organization={IEEE}
}

@article{avanzi2019crystals,
  title={CRYSTALS-Kyber algorithm specifications and supporting documentation},
  author={Avanzi, Roberto and Bos, Joppe and Ducas, L{\'e}o and Kiltz, Eike and Lepoint, Tancr{\`e}de and Lyubashevsky, Vadim and Schanck, John M and Schwabe, Peter and Seiler, Gregor and Stehl{\'e}, Damien},
  journal={NIST PQC Round},
  volume={2},
  number={4},
  pages={1--43},
  year={2019}
}

@inproceedings{bellare1995optimal,
  title={Optimal asymmetric encryption},
  author={Bellare, Mihir and Rogaway, Phillip},
  booktitle={Advances in Cryptology—EUROCRYPT'94: Workshop on the Theory and Application of Cryptographic Techniques Perugia, Italy, May 9--12, 1994 Proceedings 13},
  pages={92--111},
  year={1995},
  organization={Springer}
}

@inproceedings{bellare1998relations,
  title={Relations among notions of security for public-key encryption schemes},
  author={Bellare, Mihir and Desai, Anand and Pointcheval, David and Rogaway, Phillip},
  booktitle={Advances in Cryptology—CRYPTO'98: 18th Annual International Cryptology Conference Santa Barbara, California, USA August 23--27, 1998 Proceedings 18},
  pages={26--45},
  year={1998},
  organization={Springer}
}


@article{key2023mechanism,
  title={Mechanism Standard},
  author={Key-Encapsulation, NIST Module-Lattice-Based},
  journal={NIST Post-Quantum Cryptography Standardization Process; NIST: Gaithersburg, MD, USA},
  year={2023}
}

@inproceedings{fujisaki1999secure,
  title={Secure integration of asymmetric and symmetric encryption schemes},
  author={Fujisaki, Eiichiro and Okamoto, Tatsuaki},
  booktitle={Annual international cryptology conference},
  pages={537--554},
  year={1999},
  organization={Springer}
}

@inproceedings{hofheinz2017modular,
  title={A modular analysis of the Fujisaki-Okamoto transformation},
  author={Hofheinz, Dennis and H{\"o}velmanns, Kathrin and Kiltz, Eike},
  booktitle={Theory of Cryptography Conference},
  pages={341--371},
  year={2017},
  organization={Springer}
}
