
@inproceedings{hofheinz2017modular,
  title={A modular analysis of the Fujisaki-Okamoto transformation},
  author={Hofheinz, Dennis and H{\"o}velmanns, Kathrin and Kiltz, Eike},
  booktitle={Theory of Cryptography Conference},
  pages={341--371},
  year={2017},
  organization={Springer}
}