@article{boneh2020graduate,
  title={A graduate course in applied cryptography},
  author={Boneh, Dan and Shoup, Victor},
  journal={Draft 0.5},
  year={2020}
}

@book{katz2007introduction,
  title={Introduction to modern cryptography: principles and protocols},
  author={Katz, Jonathan and Lindell, Yehuda},
  year={2007},
  publisher={Chapman and hall/CRC}
}

@inproceedings{hofheinz2017modular,
  title={A modular analysis of the Fujisaki-Okamoto transformation},
  author={Hofheinz, Dennis and H{\"o}velmanns, Kathrin and Kiltz, Eike},
  booktitle={Theory of Cryptography Conference},
  pages={341--371},
  year={2017},
  organization={Springer}
}

@inproceedings{bos2018crystals,
  title={CRYSTALS-Kyber: a CCA-secure module-lattice-based KEM},
  author={Bos, Joppe and Ducas, L{\'e}o and Kiltz, Eike and Lepoint, Tancr{\`e}de and Lyubashevsky, Vadim and Schanck, John M and Schwabe, Peter and Seiler, Gregor and Stehl{\'e}, Damien},
  booktitle={2018 IEEE European Symposium on Security and Privacy (EuroS\&P)},
  pages={353--367},
  year={2018},
  organization={IEEE}
}
