@inproceedings{goldreich1997public,
  title={Public-key cryptosystems from lattice reduction problems},
  author={Goldreich, Oded and Goldwasser, Shafi and Halevi, Shai},
  booktitle={Advances in Cryptology—CRYPTO'97: 17th Annual International Cryptology Conference Santa Barbara, California, USA August 17--21, 1997 Proceedings 17},
  pages={112--131},
  year={1997},
  organization={Springer}
}


@inproceedings{micciancio2001improving,
  title={Improving lattice based cryptosystems using the Hermite normal form},
  author={Micciancio, Daniele},
  booktitle={International Cryptography and Lattices Conference},
  pages={126--145},
  year={2001},
  organization={Springer}
}

@inproceedings{gentry2008trapdoors,
  title={Trapdoors for hard lattices and new cryptographic constructions},
  author={Gentry, Craig and Peikert, Chris and Vaikuntanathan, Vinod},
  booktitle={Proceedings of the fortieth annual ACM symposium on Theory of computing},
  pages={197--206},
  year={2008}
}

@inproceedings{nguyen1999cryptanalysis,
  title={Cryptanalysis of the Goldreich-Goldwasser-Halevi cryptosystem from crypto’97},
  author={Nguyen, Phong},
  booktitle={Annual International Cryptology Conference},
  pages={288--304},
  year={1999},
  organization={Springer}
}

@inproceedings{nguyen2006learning,
  title={Learning a parallelepiped: Cryptanalysis of GGH and NTRU signatures},
  author={Nguyen, Phong Q and Regev, Oded},
  booktitle={Annual international conference on the theory and applications of cryptographic techniques},
  pages={271--288},
  year={2006},
  organization={Springer}
}

@article{lenstra1982factoring,
  title={Factoring polynomials with rational coefficients},
  author={Lenstra, Arjen K and Lenstra, Hendrik Willem and Lov{\'a}sz, L{\'a}szl{\'o}},
  journal={Mathematische annalen},
  volume={261},
  number={ARTICLE},
  pages={515--534},
  year={1982},
  publisher={Springer Verlag}
}

@online{mit-cs294,
  author    = "Vinod Vaokuntanathan",
  title     = "CS 294-168: Lattices, learning with errors, and post-quantum cryptography",
  year      = "2020",
  url       = "https://people.csail.mit.edu/vinodv/CS294/",
  note      = "Accessed in November, 2023"
}

@online{ucsd-cse206a,
  author    = "Daniele Micciancio",
  title     = "CSE206A: Lattices Algorithms and Applications",
  year      = "2021",
  url       = "https://cseweb.ucsd.edu/classes/fa21/cse206A-a/",
  note      = "Accessed in November, 2023"
}

@inproceedings{hoffstein2003ntrusign,
  title={NTRUSIGN: Digital signatures using the NTRU lattice},
  author={Hoffstein, Jeffrey and Howgrave-Graham, Nick and Pipher, Jill and Silverman, Joseph H and Whyte, William},
  booktitle={Cryptographers’ track at the RSA conference},
  pages={122--140},
  year={2003},
  organization={Springer}
}

@article{peikert2016decade,
  title={A decade of lattice cryptography},
  author={Peikert, Chris and others},
  journal={Foundations and trends{\textregistered} in theoretical computer science},
  volume={10},
  number={4},
  pages={283--424},
  year={2016},
  publisher={Now Publishers, Inc.}
}
