@techreport{krawczyk1997hmac,
  title={HMAC: Keyed-hashing for message authentication},
  author={Krawczyk, Hugo and Bellare, Mihir and Canetti, Ran},
  year={1997}
}

@article{brassard1997quantum,
  title={Quantum algorithm for the collision problem},
  author={Brassard, Gilles and Hoyer, Peter and Tapp, Alain},
  journal={arXiv preprint quant-ph/9705002},
  year={1997}
}

@article{kelsey2016sha,
  title={SHA-3 derived functions: cSHAKE, KMAC, TupleHash, and ParallelHash},
  author={Kelsey, John and Chang, Shu-jen and Perlner, Ray},
  journal={NIST special publication},
  volume={800},
  pages={185},
  year={2016}
}

@article{avanzi2019crystals,
  title={CRYSTALS-Kyber algorithm specifications and supporting documentation},
  author={Avanzi, Roberto and Bos, Joppe and Ducas, L{\'e}o and Kiltz, Eike and Lepoint, Tancr{\`e}de and Lyubashevsky, Vadim and Schanck, John M and Schwabe, Peter and Seiler, Gregor and Stehl{\'e}, Damien},
  journal={NIST PQC Round},
  volume={2},
  number={4},
  pages={1--43},
  year={2019}
}

@article{key2023mechanism,
  title={Mechanism Standard},
  author={Key-Encapsulation, NIST Module-Lattice-Based},
  journal={NIST Post-Quantum Cryptography Standardization Process; NIST: Gaithersburg, MD, USA},
  year={2023}
}

@inproceedings{bernstein2005stronger,
  title={Stronger security bounds for Wegman-Carter-Shoup authenticators},
  author={Bernstein, Daniel J},
  booktitle={Annual International Conference on the Theory and Applications of Cryptographic Techniques},
  pages={164--180},
  year={2005},
  organization={Springer}
}
