@inproceedings{bellare1998relations,
  title={Relations among notions of security for public-key encryption schemes},
  author={Bellare, Mihir and Desai, Anand and Pointcheval, David and Rogaway, Phillip},
  booktitle={Advances in Cryptologyâ€”CRYPTO'98: 18th Annual International Cryptology Conference Santa Barbara, California, USA August 23--27, 1998 Proceedings 18},
  pages={26--45},
  year={1998},
  organization={Springer}
}


@inproceedings{bellare2000authenticated,
  title={Authenticated encryption: Relations among notions and analysis of the generic composition paradigm},
  author={Bellare, Mihir and Namprempre, Chanathip},
  booktitle={International Conference on the Theory and Application of Cryptology and Information Security},
  pages={531--545},
  year={2000},
  organization={Springer}
}


@article{bernstein2018towards,
  title={Towards KEM unification},
  author={Bernstein, Daniel J and Persichetti, Edoardo},
  journal={Cryptology ePrint Archive},
  year={2018}
}


@inproceedings{bos2018crystals,
  title={CRYSTALS-Kyber: a CCA-secure module-lattice-based KEM},
  author={Bos, Joppe and Ducas, L{\'e}o and Kiltz, Eike and Lepoint, Tancr{\`e}de and Lyubashevsky, Vadim and Schanck, John M and Schwabe, Peter and Seiler, Gregor and Stehl{\'e}, Damien},
  booktitle={2018 IEEE European Symposium on Security and Privacy (EuroS\&P)},
  pages={353--367},
  year={2018},
  organization={IEEE}
}

@inproceedings{hofheinz2017modular,
  title={A modular analysis of the Fujisaki-Okamoto transformation},
  author={Hofheinz, Dennis and H{\"o}velmanns, Kathrin and Kiltz, Eike},
  booktitle={Theory of Cryptography Conference},
  pages={341--371},
  year={2017},
  organization={Springer}
}

@article{avanzi2019crystals,
  title={CRYSTALS-Kyber algorithm specifications and supporting documentation},
  author={Avanzi, Roberto and Bos, Joppe and Ducas, L{\'e}o and Kiltz, Eike and Lepoint, Tancr{\`e}de and Lyubashevsky, Vadim and Schanck, John M and Schwabe, Peter and Seiler, Gregor and Stehl{\'e}, Damien},
  journal={NIST PQC Round},
  volume={2},
  number={4},
  pages={1--43},
  year={2019}
}

@article{shoup2004sequences,
  title={Sequences of games: a tool for taming complexity in security proofs},
  author={Shoup, Victor},
  journal={cryptology eprint archive},
  year={2004}
}


@inproceedings{fujisaki1999secure,
  title={Secure integration of asymmetric and symmetric encryption schemes},
  author={Fujisaki, Eiichiro and Okamoto, Tatsuaki},
  booktitle={Annual international cryptology conference},
  pages={537--554},
  year={1999},
  organization={Springer}
}

@article{key2023mechanism,
  title={Mechanism Standard},
  author={Key-Encapsulation, NIST Module-Lattice-Based},
  journal={NIST Post-Quantum Cryptography Standardization Process; NIST: Gaithersburg, MD, USA},
  year={2023}
}

@inproceedings{bernstein2005stronger,
  title={Stronger security bounds for Wegman-Carter-Shoup authenticators},
  author={Bernstein, Daniel J},
  booktitle={Annual International Conference on the Theory and Applications of Cryptographic Techniques},
  pages={164--180},
  year={2005},
  organization={Springer}
}
