@inproceedings{fujisaki1999secure,
  title={Secure integration of asymmetric and symmetric encryption schemes},
  author={Fujisaki, Eiichiro and Okamoto, Tatsuaki},
  booktitle={Annual international cryptology conference},
  pages={537--554},
  year={1999},
  organization={Springer}
}

@inproceedings{hofheinz2017modular,
  title={A modular analysis of the Fujisaki-Okamoto transformation},
  author={Hofheinz, Dennis and H{\"o}velmanns, Kathrin and Kiltz, Eike},
  booktitle={Theory of Cryptography Conference},
  pages={341--371},
  year={2017},
  organization={Springer}
}

@article{avanzi2019crystals,
  title={CRYSTALS-Kyber algorithm specifications and supporting documentation},
  author={Avanzi, Roberto and Bos, Joppe and Ducas, L{\'e}o and Kiltz, Eike and Lepoint, Tancr{\`e}de and Lyubashevsky, Vadim and Schanck, John M and Schwabe, Peter and Seiler, Gregor and Stehl{\'e}, Damien},
  journal={NIST PQC Round},
  volume={2},
  number={4},
  pages={1--43},
  year={2019}
}

@article{albrecht2022classic,
  title={Classic McEliece: conservative code-based cryptography},
  author={Albrecht, Martin R and Bernstein, Daniel J and Chou, Tung and Cid, Carlos and Gilcher, Jan and Lange, Tanja and Maram, Varun and Von Maurich, Ingo and Misoczki, Rafael and Niederhagen, Ruben and others},
  year={2022}
}

@misc{dierks2008rfc,
  title={RFC 5246: The transport layer security (TLS) protocol version 1.2},
  author={Dierks, Tim and Rescorla, Eric},
  year={2008},
  publisher={RFC Editor}
}

@inproceedings{bellare1995optimal,
  title={Optimal asymmetric encryption},
  author={Bellare, Mihir and Rogaway, Phillip},
  booktitle={Advances in Cryptology—EUROCRYPT'94: Workshop on the Theory and Application of Cryptographic Techniques Perugia, Italy, May 9--12, 1994 Proceedings 13},
  pages={92--111},
  year={1995},
  organization={Springer}
}

@inproceedings{jean2002gem,
  title={GEM: AG eneric Chosen-Ciphertext Secure E ncryption M ethod},
  author={Jean-S{\'e}bastien, Coron and Handschuh, Helena and Joye, Marc and Paillier, Pascal and Pointcheval, David and Tymen, Christophe},
  booktitle={Topics in Cryptology—CT-RSA 2002: The Cryptographers’ Track at the RSA Conference 2002 San Jose, CA, USA, February 18--22, 2002 Proceedings},
  pages={263--276},
  year={2002},
  organization={Springer}
}

@misc{kaliski1998rfc2313,
  title={RFC2313: PKCS\# 1: RSA Encryption Version 1.5},
  author={Kaliski, Burt},
  year={1998},
  publisher={RFC Editor}
}
@inproceedings{bleichenbacher1998chosen,
  title={Chosen ciphertext attacks against protocols based on the RSA encryption standard PKCS\# 1},
  author={Bleichenbacher, Daniel},
  booktitle={Advances in Cryptology—CRYPTO'98: 18th Annual International Cryptology Conference Santa Barbara, California, USA August 23--27, 1998 Proceedings 18},
  pages={1--12},
  year={1998},
  organization={Springer}
}

@inproceedings{fujisaki2001rsa,
  title={RSA-OAEP is secure under the RSA assumption},
  author={Fujisaki, Eiichiro and Okamoto, Tatsuaki and Pointcheval, David and Stern, Jacques},
  booktitle={Annual International Cryptology Conference},
  pages={260--274},
  year={2001},
  organization={Springer}
}
