@article{DBLP:journals/tit/Berlekamp68,
  author       = {Elwyn R. Berlekamp},
  title        = {Nonbinary {BCH} decoding (Abstr.)},
  journal      = {{IEEE} Trans. Inf. Theory},
  volume       = {14},
  number       = {2},
  pages        = {242},
  year         = {1968},
  url          = {https://doi.org/10.1109/TIT.1968.1054109},
  doi          = {10.1109/TIT.1968.1054109},
  timestamp    = {Tue, 10 Mar 2020 10:48:25 +0100},
  biburl       = {https://dblp.org/rec/journals/tit/Berlekamp68.bib},
  bibsource    = {dblp computer science bibliography, https://dblp.org}
}

@article{DBLP:journals/tit/Massey69,
  author       = {James L. Massey},
  title        = {Shift-register synthesis and {BCH} decoding},
  journal      = {{IEEE} Trans. Inf. Theory},
  volume       = {15},
  number       = {1},
  pages        = {122--127},
  year         = {1969},
  url          = {https://doi.org/10.1109/TIT.1969.1054260},
  doi          = {10.1109/TIT.1969.1054260},
  timestamp    = {Tue, 10 Mar 2020 10:48:51 +0100},
  biburl       = {https://dblp.org/rec/journals/tit/Massey69.bib},
  bibsource    = {dblp computer science bibliography, https://dblp.org}
}

@article{DBLP:journals/jce/HeyseG13,
  author       = {Stefan Heyse and
                  Tim G{\"{u}}neysu},
  title        = {Code-based cryptography on reconfigurable hardware: tweaking Niederreiter
                  encryption for performance},
  journal      = {J. Cryptogr. Eng.},
  volume       = {3},
  number       = {1},
  pages        = {29--43},
  year         = {2013},
  url          = {https://doi.org/10.1007/s13389-013-0056-4},
  doi          = {10.1007/S13389-013-0056-4},
  timestamp    = {Sun, 22 Oct 2023 11:16:06 +0200},
  biburl       = {https://dblp.org/rec/journals/jce/HeyseG13.bib},
  bibsource    = {dblp computer science bibliography, https://dblp.org}
}

@article{DBLP:journals/iacr/Bernstein22,
  author       = {Daniel J. Bernstein},
  title        = {Understanding binary-Goppa decoding},
  journal      = {{IACR} Cryptol. ePrint Arch.},
  pages        = {473},
  year         = {2022},
  url          = {https://eprint.iacr.org/2022/473},
  timestamp    = {Mon, 16 May 2022 15:32:46 +0200},
  biburl       = {https://dblp.org/rec/journals/iacr/Bernstein22.bib},
  bibsource    = {dblp computer science bibliography, https://dblp.org}
}

