% NIST citation examples:
@techreport{FIPS203,
   author = {National Institute of Standards and Technology},
   title = {Module-Lattice-Based Key-Encapsulation Mechanism Standard.},
   institution = {U.S. Department of Commerce},
   address= {Washington, D.C.},
   number = {Federal Information Processing Standards Publication (FIPS) NIST FIPS 203},
   DOI = {10.6028/NIST.FIPS.203},
   year = {2024},
}

@techreport{SP80053r4,
   author = {Joint Task Force Transformation Initiative Interagency Working Group},
   title = {Security and Privacy Controls for Federal Information Systems and Organizations},
   institution = {National Institute of Standards and Technology},
   address= {Gaithersburg, MD},
   number = {NIST Special Publication (SP) 800-53, Rev. 4, Includes updates as of January 22, 2015},
   DOI = {10.6028/NIST.SP.800-53r4},
   year = {2013},
}

@techreport{FIPS1402,
   author = {National Institute of Standards and Technology},
   title = {Security Requirements for Cryptographic Modules},
   institution = {U.S. Department of Commerce},
   address= {Washington, D.C.},
   number = {Federal Information Processing Standards Publications (FIPS PUBS) 140-2, Change Notice 2 December 03, 2002},
   DOI = {10.6028/nist.fips.140-2},
   year = {2001},
}

% TODO: federal papers cannot be found on DBLP
@article{kelsey2016sha,
  title={SHA-3 derived functions: cSHAKE, KMAC, TupleHash, and ParallelHash},
  author={Kelsey, John and Chang, Shu-jen and Perlner, Ray},
  journal={NIST special publication},
  volume={800},
  pages={185},
  year={2016}
}

@inproceedings{iwata2003omac,
  author       = {Tetsu Iwata and
                  Kaoru Kurosawa},
  editor       = {Thomas Johansson},
  title        = {{OMAC:} One-Key {CBC} {MAC}},
  booktitle    = {Fast Software Encryption, 10th International Workshop, {FSE} 2003,
                  Lund, Sweden, February 24-26, 2003, Revised Papers},
  series       = {Lecture Notes in Computer Science},
  volume       = {2887},
  pages        = {129--153},
  publisher    = {Springer},
  year         = {2003},
  url          = {https://doi.org/10.1007/978-3-540-39887-5\_11},
  doi          = {10.1007/978-3-540-39887-5\_11},
  timestamp    = {Tue, 14 May 2019 10:00:54 +0200},
  biburl       = {https://dblp.org/rec/conf/fse/IwataK03.bib},
  bibsource    = {dblp computer science bibliography, https://dblp.org}
}


@article{black2000cbc,
  author       = {John Black and
                  Phillip Rogaway},
  title        = {{CBC} MACs for Arbitrary-Length Messages: The Three-Key Constructions},
  journal      = {J. Cryptol.},
  volume       = {18},
  number       = {2},
  pages        = {111--131},
  year         = {2005},
  url          = {https://doi.org/10.1007/s00145-004-0016-3},
  doi          = {10.1007/S00145-004-0016-3},
  timestamp    = {Fri, 18 Sep 2020 11:17:29 +0200},
  biburl       = {https://dblp.org/rec/journals/joc/BlackR05.bib},
  bibsource    = {dblp computer science bibliography, https://dblp.org}
}


@inproceedings{mcgrew2004galois,
  author       = {David A. McGrew and
                  John Viega},
  editor       = {Anne Canteaut and
                  Kapalee Viswanathan},
  title        = {The Security and Performance of the Galois/Counter Mode {(GCM)} of
                  Operation},
  booktitle    = {Progress in Cryptology - {INDOCRYPT} 2004, 5th International Conference
                  on Cryptology in India, Chennai, India, December 20-22, 2004, Proceedings},
  series       = {Lecture Notes in Computer Science},
  volume       = {3348},
  pages        = {343--355},
  publisher    = {Springer},
  year         = {2004},
  url          = {https://doi.org/10.1007/978-3-540-30556-9\_27},
  doi          = {10.1007/978-3-540-30556-9\_27},
  timestamp    = {Tue, 14 May 2019 10:00:51 +0200},
  biburl       = {https://dblp.org/rec/conf/indocrypt/McGrewV04.bib},
  bibsource    = {dblp computer science bibliography, https://dblp.org}
}

@article{lpr2013ideal,
  author       = {Vadim Lyubashevsky and
                  Chris Peikert and
                  Oded Regev},
  title        = {On Ideal Lattices and Learning with Errors over Rings},
  journal      = {J. {ACM}},
  volume       = {60},
  number       = {6},
  pages        = {43:1--43:35},
  year         = {2013},
  url          = {https://doi.org/10.1145/2535925},
  doi          = {10.1145/2535925},
  timestamp    = {Tue, 06 Nov 2018 12:51:44 +0100},
  biburl       = {https://dblp.org/rec/journals/jacm/LyubashevskyPR13.bib},
  bibsource    = {dblp computer science bibliography, https://dblp.org}
}




@inproceedings{d2018saber,
  author       = {Jan{-}Pieter D'Anvers and
                  Angshuman Karmakar and
                  Sujoy Sinha Roy and
                  Frederik Vercauteren},
  editor       = {Antoine Joux and
                  Abderrahmane Nitaj and
                  Tajjeeddine Rachidi},
  title        = {Saber: Module-LWR Based Key Exchange, CPA-Secure Encryption and CCA-Secure
                  {KEM}},
  booktitle    = {Progress in Cryptology - {AFRICACRYPT} 2018 - 10th International Conference
                  on Cryptology in Africa, Marrakesh, Morocco, May 7-9, 2018, Proceedings},
  series       = {Lecture Notes in Computer Science},
  volume       = {10831},
  pages        = {282--305},
  publisher    = {Springer},
  year         = {2018},
  url          = {https://doi.org/10.1007/978-3-319-89339-6\_16},
  doi          = {10.1007/978-3-319-89339-6\_16},
  timestamp    = {Sat, 30 Sep 2023 09:33:45 +0200},
  biburl       = {https://dblp.org/rec/conf/africacrypt/DAnversKRV18.bib},
  bibsource    = {dblp computer science bibliography, https://dblp.org}
}

@inproceedings{bos2016frodo,
  author       = {Joppe W. Bos and
                  Craig Costello and
                  L{\'{e}}o Ducas and
                  Ilya Mironov and
                  Michael Naehrig and
                  Valeria Nikolaenko and
                  Ananth Raghunathan and
                  Douglas Stebila},
  editor       = {Edgar R. Weippl and
                  Stefan Katzenbeisser and
                  Christopher Kruegel and
                  Andrew C. Myers and
                  Shai Halevi},
  title        = {Frodo: Take off the Ring! Practical, Quantum-Secure Key Exchange from
                  {LWE}},
  booktitle    = {Proceedings of the 2016 {ACM} {SIGSAC} Conference on Computer and
                  Communications Security, Vienna, Austria, October 24-28, 2016},
  pages        = {1006--1018},
  publisher    = {{ACM}},
  year         = {2016},
  url          = {https://doi.org/10.1145/2976749.2978425},
  doi          = {10.1145/2976749.2978425},
  timestamp    = {Tue, 07 May 2024 20:04:53 +0200},
  biburl       = {https://dblp.org/rec/conf/ccs/BosCDMNNRS16.bib},
  bibsource    = {dblp computer science bibliography, https://dblp.org}
}

@article{ravi2019generic,
  author       = {Prasanna Ravi and
                  Sujoy Sinha Roy and
                  Anupam Chattopadhyay and
                  Shivam Bhasin},
  title        = {Generic Side-channel attacks on CCA-secure lattice-based {PKE} and
                  {KEM} schemes},
  journal      = {{IACR} Cryptol. ePrint Arch.},
  pages        = {948},
  year         = {2019},
  url          = {https://eprint.iacr.org/2019/948},
  timestamp    = {Mon, 11 May 2020 15:58:11 +0200},
  biburl       = {https://dblp.org/rec/journals/iacr/RaviRCB19.bib},
  bibsource    = {dblp computer science bibliography, https://dblp.org}
}

@article{ueno2022curse,
  author       = {Rei Ueno and
                  Keita Xagawa and
                  Yutaro Tanaka and
                  Akira Ito and
                  Junko Takahashi and
                  Naofumi Homma},
  title        = {Curse of Re-encryption: {A} Generic Power/EM Analysis on Post-Quantum
                  KEMs},
  journal      = {{IACR} Trans. Cryptogr. Hardw. Embed. Syst.},
  volume       = {2022},
  number       = {1},
  pages        = {296--322},
  year         = {2022},
  url          = {https://doi.org/10.46586/tches.v2022.i1.296-322},
  doi          = {10.46586/TCHES.V2022.I1.296-322},
  timestamp    = {Tue, 07 May 2024 20:26:05 +0200},
  biburl       = {https://dblp.org/rec/journals/tches/UenoXTITH22.bib},
  bibsource    = {dblp computer science bibliography, https://dblp.org}
}


@inproceedings{bellare1995optimal,
  author       = {Mihir Bellare and
                  Phillip Rogaway},
  editor       = {Alfredo De Santis},
  title        = {Optimal Asymmetric Encryption},
  booktitle    = {Advances in Cryptology - {EUROCRYPT} '94, Workshop on the Theory and
                  Application of Cryptographic Techniques, Perugia, Italy, May 9-12,
                  1994, Proceedings},
  series       = {Lecture Notes in Computer Science},
  volume       = {950},
  pages        = {92--111},
  publisher    = {Springer},
  year         = {1994},
  url          = {https://doi.org/10.1007/BFb0053428},
  doi          = {10.1007/BFB0053428},
  timestamp    = {Tue, 14 May 2019 10:00:53 +0200},
  biburl       = {https://dblp.org/rec/conf/eurocrypt/BellareR94.bib},
  bibsource    = {dblp computer science bibliography, https://dblp.org}
}

@inproceedings{bellare1998relations,
  author       = {Mihir Bellare and
                  Anand Desai and
                  David Pointcheval and
                  Phillip Rogaway},
  editor       = {Hugo Krawczyk},
  title        = {Relations Among Notions of Security for Public-Key Encryption Schemes},
  booktitle    = {Advances in Cryptology - {CRYPTO} '98, 18th Annual International Cryptology
                  Conference, Santa Barbara, California, USA, August 23-27, 1998, Proceedings},
  series       = {Lecture Notes in Computer Science},
  volume       = {1462},
  pages        = {26--45},
  publisher    = {Springer},
  year         = {1998},
  url          = {https://doi.org/10.1007/BFb0055718},
  doi          = {10.1007/BFB0055718},
  timestamp    = {Tue, 01 Jun 2021 15:21:29 +0200},
  biburl       = {https://dblp.org/rec/conf/crypto/BellareDPR98.bib},
  bibsource    = {dblp computer science bibliography, https://dblp.org}
}

@inproceedings{bernstein2005poly1305,
  author       = {Daniel J. Bernstein},
  editor       = {Henri Gilbert and
                  Helena Handschuh},
  title        = {The Poly1305-AES Message-Authentication Code},
  booktitle    = {Fast Software Encryption: 12th International Workshop, {FSE} 2005,
                  Paris, France, February 21-23, 2005, Revised Selected Papers},
  series       = {Lecture Notes in Computer Science},
  volume       = {3557},
  pages        = {32--49},
  publisher    = {Springer},
  year         = {2005},
  url          = {https://doi.org/10.1007/11502760\_3},
  doi          = {10.1007/11502760\_3},
  timestamp    = {Tue, 14 May 2019 10:00:54 +0200},
  biburl       = {https://dblp.org/rec/conf/fse/Bernstein05.bib},
  bibsource    = {dblp computer science bibliography, https://dblp.org}
}

@article{nir2018chacha20,
  author       = {Yoav Nir and
                  Adam Langley},
  title        = {ChaCha20 and Poly1305 for {IETF} Protocols},
  journal      = {{RFC}},
  volume       = {7539},
  pages        = {1--45},
  year         = {2015},
  url          = {https://doi.org/10.17487/RFC7539},
  doi          = {10.17487/RFC7539},
  timestamp    = {Tue, 14 May 2019 10:02:46 +0200},
  biburl       = {https://dblp.org/rec/journals/rfc/rfc7539.bib},
  bibsource    = {dblp computer science bibliography, https://dblp.org}
}

@article{wegman1981new,
  author       = {Mark N. Wegman and
                  Larry Carter},
  title        = {New Hash Functions and Their Use in Authentication and Set Equality},
  journal      = {J. Comput. Syst. Sci.},
  volume       = {22},
  number       = {3},
  pages        = {265--279},
  year         = {1981},
  url          = {https://doi.org/10.1016/0022-0000(81)90033-7},
  doi          = {10.1016/0022-0000(81)90033-7},
  timestamp    = {Tue, 16 Feb 2021 14:04:28 +0100},
  biburl       = {https://dblp.org/rec/journals/jcss/WegmanC81.bib},
  bibsource    = {dblp computer science bibliography, https://dblp.org}
}

@inproceedings{bellare2000authenticated,
  author       = {Mihir Bellare and
                  Chanathip Namprempre},
  editor       = {Tatsuaki Okamoto},
  title        = {Authenticated Encryption: Relations among Notions and Analysis of
                  the Generic Composition Paradigm},
  booktitle    = {Advances in Cryptology - {ASIACRYPT} 2000, 6th International Conference
                  on the Theory and Application of Cryptology and Information Security,
                  Kyoto, Japan, December 3-7, 2000, Proceedings},
  series       = {Lecture Notes in Computer Science},
  volume       = {1976},
  pages        = {531--545},
  publisher    = {Springer},
  year         = {2000},
  url          = {https://doi.org/10.1007/3-540-44448-3\_41},
  doi          = {10.1007/3-540-44448-3\_41},
  timestamp    = {Tue, 14 May 2019 10:00:40 +0200},
  biburl       = {https://dblp.org/rec/conf/asiacrypt/BellareN00.bib},
  bibsource    = {dblp computer science bibliography, https://dblp.org}
}

@article{bernstein2018towards,
  author       = {Daniel J. Bernstein and
                  Edoardo Persichetti},
  title        = {Towards {KEM} Unification},
  journal      = {{IACR} Cryptol. ePrint Arch.},
  pages        = {526},
  year         = {2018},
  url          = {https://eprint.iacr.org/2018/526},
  timestamp    = {Mon, 11 May 2020 15:54:43 +0200},
  biburl       = {https://dblp.org/rec/journals/iacr/BernsteinP18.bib},
  bibsource    = {dblp computer science bibliography, https://dblp.org}
}

@inproceedings{bos2018crystals,
  author       = {Joppe W. Bos and
                  L{\'{e}}o Ducas and
                  Eike Kiltz and
                  Tancr{\`{e}}de Lepoint and
                  Vadim Lyubashevsky and
                  John M. Schanck and
                  Peter Schwabe and
                  Gregor Seiler and
                  Damien Stehl{\'{e}}},
  title        = {{CRYSTALS} - Kyber: {A} CCA-Secure Module-Lattice-Based {KEM}},
  booktitle    = {2018 {IEEE} European Symposium on Security and Privacy, EuroS{\&}P
                  2018, London, United Kingdom, April 24-26, 2018},
  pages        = {353--367},
  publisher    = {{IEEE}},
  year         = {2018},
  url          = {https://doi.org/10.1109/EuroSP.2018.00032},
  doi          = {10.1109/EUROSP.2018.00032},
  timestamp    = {Wed, 16 Oct 2019 14:14:55 +0200},
  biburl       = {https://dblp.org/rec/conf/eurosp/BosDKLLSSSS18.bib},
  bibsource    = {dblp computer science bibliography, https://dblp.org}
}

@inproceedings{hofheinz2017modular,
  author       = {Dennis Hofheinz and
                  Kathrin H{\"{o}}velmanns and
                  Eike Kiltz},
  editor       = {Yael Kalai and
                  Leonid Reyzin},
  title        = {A Modular Analysis of the Fujisaki-Okamoto Transformation},
  booktitle    = {Theory of Cryptography - 15th International Conference, {TCC} 2017,
                  Baltimore, MD, USA, November 12-15, 2017, Proceedings, Part {I}},
  series       = {Lecture Notes in Computer Science},
  volume       = {10677},
  pages        = {341--371},
  publisher    = {Springer},
  year         = {2017},
  url          = {https://doi.org/10.1007/978-3-319-70500-2\_12},
  doi          = {10.1007/978-3-319-70500-2\_12},
  timestamp    = {Thu, 14 Oct 2021 10:23:30 +0200},
  biburl       = {https://dblp.org/rec/conf/tcc/HofheinzHK17.bib},
  bibsource    = {dblp computer science bibliography, https://dblp.org}
}

@article{avanzi2019crystals,
  title={CRYSTALS-Kyber algorithm specifications and supporting documentation},
  author={Avanzi, Roberto and Bos, Joppe and Ducas, L{\'e}o and Kiltz, Eike and Lepoint, Tancr{\`e}de and Lyubashevsky, Vadim and Schanck, John M and Schwabe, Peter and Seiler, Gregor and Stehl{\'e}, Damien},
  journal={NIST PQC Round},
  volume={2},
  number={4},
  pages={1--43},
  year={2019}
}

@article{shoup2004sequences,
  author       = {Victor Shoup},
  title        = {Sequences of games: a tool for taming complexity in security proofs},
  journal      = {{IACR} Cryptol. ePrint Arch.},
  pages        = {332},
  year         = {2004},
  url          = {http://eprint.iacr.org/2004/332},
  timestamp    = {Mon, 11 May 2020 15:57:41 +0200},
  biburl       = {https://dblp.org/rec/journals/iacr/Shoup04.bib},
  bibsource    = {dblp computer science bibliography, https://dblp.org}
}

@inproceedings{DBLP:conf/crypto/FujisakiO99,
  author       = {Eiichiro Fujisaki and
                  Tatsuaki Okamoto},
  editor       = {Michael J. Wiener},
  title        = {Secure Integration of Asymmetric and Symmetric Encryption Schemes},
  booktitle    = {Advances in Cryptology - {CRYPTO} '99, 19th Annual International Cryptology
                  Conference, Santa Barbara, California, USA, August 15-19, 1999, Proceedings},
  series       = {Lecture Notes in Computer Science},
  volume       = {1666},
  pages        = {537--554},
  publisher    = {Springer},
  year         = {1999},
  url          = {https://doi.org/10.1007/3-540-48405-1\_34},
  doi          = {10.1007/3-540-48405-1\_34},
  timestamp    = {Tue, 14 May 2019 10:00:48 +0200},
  biburl       = {https://dblp.org/rec/conf/crypto/FujisakiO99.bib},
  bibsource    = {dblp computer science bibliography, https://dblp.org}
}

@inproceedings{DBLP:conf/asiacrypt/HovelmannsHM22,
  author       = {Kathrin H{\"{o}}velmanns and
                  Andreas H{\"{u}}lsing and
                  Christian Majenz},
  editor       = {Shweta Agrawal and
                  Dongdai Lin},
  title        = {Failing Gracefully: Decryption Failures and the Fujisaki-Okamoto Transform},
  booktitle    = {Advances in Cryptology - {ASIACRYPT} 2022 - 28th International Conference
                  on the Theory and Application of Cryptology and Information Security,
                  Taipei, Taiwan, December 5-9, 2022, Proceedings, Part {IV}},
  series       = {Lecture Notes in Computer Science},
  volume       = {13794},
  pages        = {414--443},
  publisher    = {Springer},
  year         = {2022},
  url          = {https://doi.org/10.1007/978-3-031-22972-5\_15},
  doi          = {10.1007/978-3-031-22972-5\_15},
  timestamp    = {Mon, 26 Jun 2023 20:47:19 +0200},
  biburl       = {https://dblp.org/rec/conf/asiacrypt/HovelmannsHM22.bib},
  bibsource    = {dblp computer science bibliography, https://dblp.org}
}

@inproceedings{DBLP:conf/crypto/CramerS98,
  author       = {Ronald Cramer and
                  Victor Shoup},
  editor       = {Hugo Krawczyk},
  title        = {A Practical Public Key Cryptosystem Provably Secure Against Adaptive
                  Chosen Ciphertext Attack},
  booktitle    = {Advances in Cryptology - {CRYPTO} '98, 18th Annual International Cryptology
                  Conference, Santa Barbara, California, USA, August 23-27, 1998, Proceedings},
  series       = {Lecture Notes in Computer Science},
  volume       = {1462},
  pages        = {13--25},
  publisher    = {Springer},
  year         = {1998},
  url          = {https://doi.org/10.1007/BFb0055717},
  doi          = {10.1007/BFB0055717},
  timestamp    = {Tue, 01 Jun 2021 15:21:29 +0200},
  biburl       = {https://dblp.org/rec/conf/crypto/CramerS98.bib},
  bibsource    = {dblp computer science bibliography, https://dblp.org}
}

@inproceedings{DBLP:conf/eurocrypt/DworkNR04,
  author       = {Cynthia Dwork and
                  Moni Naor and
                  Omer Reingold},
  editor       = {Christian Cachin and
                  Jan Camenisch},
  title        = {Immunizing Encryption Schemes from Decryption Errors},
  booktitle    = {Advances in Cryptology - {EUROCRYPT} 2004, International Conference
                  on the Theory and Applications of Cryptographic Techniques, Interlaken,
                  Switzerland, May 2-6, 2004, Proceedings},
  series       = {Lecture Notes in Computer Science},
  volume       = {3027},
  pages        = {342--360},
  publisher    = {Springer},
  year         = {2004},
  url          = {https://doi.org/10.1007/978-3-540-24676-3\_21},
  doi          = {10.1007/978-3-540-24676-3\_21},
  timestamp    = {Tue, 14 May 2019 10:00:53 +0200},
  biburl       = {https://dblp.org/rec/conf/eurocrypt/DworkNR04.bib},
  bibsource    = {dblp computer science bibliography, https://dblp.org}
}

@article{DBLP:journals/tit/Elgamal85,
  author       = {Taher El Gamal},
  title        = {A public key cryptosystem and a signature scheme based on discrete
                  logarithms},
  journal      = {{IEEE} Trans. Inf. Theory},
  volume       = {31},
  number       = {4},
  pages        = {469--472},
  year         = {1985},
  url          = {https://doi.org/10.1109/TIT.1985.1057074},
  doi          = {10.1109/TIT.1985.1057074},
  timestamp    = {Tue, 10 Mar 2020 10:47:50 +0100},
  biburl       = {https://dblp.org/rec/journals/tit/Elgamal85.bib},
  bibsource    = {dblp computer science bibliography, https://dblp.org}
}

