@inproceedings{fujisaki1999secure,
  title={Secure integration of asymmetric and symmetric encryption schemes},
  author={Fujisaki, Eiichiro and Okamoto, Tatsuaki},
  booktitle={Annual international cryptology conference},
  pages={537--554},
  year={1999},
  organization={Springer}
}
